@online{topmnist,
  title = "Image Classification on MNIST",
  url = "https://paperswithcode.com/sota/image-classification-on-mnist",
  addendum = "accessed: 14 October 2021",
}

@misc{byerly2020branching,
  title={No Routing Needed Between Capsules}, 
  author={Adam Byerly and Tatiana Kalganova and Ian Dear},
  year={2020},
  eprint={2001.09136},
  archivePrefix={arXiv},
  primaryClass={cs.CV}
}

@online{compact,
  author = {Nikolay Zagoruiko},
  title= {Measure of Similarity and Compactness in
Competitive Space},
  url = {http://math.nsc.ru/~wwwzag/5.%20FRiS--InfComp.pdf},
}